<?xml version="1.0" encoding="UTF-8"?><collection xmlns="http://www.loc.gov/MARC21/slim"><record><leader>00645nam--2200193-u-4500</leader><controlfield tag="001">000054427</controlfield><controlfield tag="002">20161230</controlfield><controlfield tag="005">20161230201051</controlfield><controlfield tag="008">111208s1000------------r-----000-0-eng-d</controlfield><datafield ind1=" " ind2=" " tag="020"><subfield code="a">0444861742</subfield></datafield><datafield ind1=" " ind2=" " tag="040"><subfield code="a">IFIN-HH</subfield></datafield><datafield ind1=" " ind2=" " tag="080"><subfield code="a">539.12(061.3)</subfield></datafield><datafield ind1="1" ind2=" " tag="100"><subfield code="a">Andric, Ivan</subfield></datafield><datafield ind1="1" ind2="0" tag="245"><subfield code="a">Particle physics 1980</subfield><subfield code="b">Proceedings of the 3rd adriatic summer meeting on particle physics, dubrovnik, yugoslavia, september 3-13, 1980</subfield><subfield code="c">Ivan andric, ivan dadic, nikola zovko (eds.)</subfield></datafield><datafield ind1=" " ind2=" " tag="260"><subfield code="a">Amsterdam</subfield><subfield code="b">North-holland Publishing Companny</subfield><subfield code="c">1981</subfield></datafield><datafield ind1=" " ind2=" " tag="300"><subfield code="a">499P</subfield></datafield><datafield ind1="1" ind2=" " tag="700"><subfield code="a">Zovko, Nkola</subfield><subfield code="e">Ed</subfield></datafield><datafield ind1=" " ind2=" " tag="852"><subfield code="a">70135</subfield><subfield code="c">539.12</subfield></datafield><datafield ind1=" " ind2=" " tag="CAT"><subfield code="a">Sys</subfield><subfield code="c">20111208</subfield><subfield code="h">154146</subfield></datafield></record></collection>